%YAML 1.1
%TAG !u! tag:unity3d.com,2011:
--- !u!1 &175636
GameObject:
  m_ObjectHideFlags: 0
  m_PrefabParentObject: {fileID: 0}
  m_PrefabInternal: {fileID: 100100000}
  serializedVersion: 4
  m_Component:
  - 4: {fileID: 475636}
  - 50: {fileID: 5075684}
  - 114: {fileID: 11475654}
  - 212: {fileID: 21275674}
  - 114: {fileID: 11486594}
  m_Layer: 16
  m_Name: TweenShorca
  m_TagString: Boss
  m_Icon: {fileID: 0}
  m_NavMeshLayer: 0
  m_StaticEditorFlags: 0
  m_IsActive: 1
--- !u!1 &175638
GameObject:
  m_ObjectHideFlags: 1
  m_PrefabParentObject: {fileID: 0}
  m_PrefabInternal: {fileID: 100100000}
  serializedVersion: 4
  m_Component:
  - 4: {fileID: 475638}
  - 114: {fileID: 11475656}
  m_Layer: 16
  m_Name: Emitter
  m_TagString: Untagged
  m_Icon: {fileID: 0}
  m_NavMeshLayer: 0
  m_StaticEditorFlags: 0
  m_IsActive: 0
--- !u!1 &175640
GameObject:
  m_ObjectHideFlags: 1
  m_PrefabParentObject: {fileID: 0}
  m_PrefabInternal: {fileID: 100100000}
  serializedVersion: 4
  m_Component:
  - 4: {fileID: 475640}
  - 212: {fileID: 21275676}
  - 114: {fileID: 11475658}
  m_Layer: 16
  m_Name: MiddleWound
  m_TagString: Untagged
  m_Icon: {fileID: 0}
  m_NavMeshLayer: 0
  m_StaticEditorFlags: 0
  m_IsActive: 1
--- !u!1 &175642
GameObject:
  m_ObjectHideFlags: 1
  m_PrefabParentObject: {fileID: 0}
  m_PrefabInternal: {fileID: 100100000}
  serializedVersion: 4
  m_Component:
  - 4: {fileID: 475642}
  - 114: {fileID: 11475660}
  m_Layer: 16
  m_Name: FrontWound
  m_TagString: Untagged
  m_Icon: {fileID: 0}
  m_NavMeshLayer: 0
  m_StaticEditorFlags: 0
  m_IsActive: 1
--- !u!1 &175644
GameObject:
  m_ObjectHideFlags: 1
  m_PrefabParentObject: {fileID: 0}
  m_PrefabInternal: {fileID: 100100000}
  serializedVersion: 4
  m_Component:
  - 4: {fileID: 475644}
  - 58: {fileID: 5875674}
  m_Layer: 16
  m_Name: Circle
  m_TagString: Untagged
  m_Icon: {fileID: 0}
  m_NavMeshLayer: 0
  m_StaticEditorFlags: 0
  m_IsActive: 1
--- !u!1 &175646
GameObject:
  m_ObjectHideFlags: 1
  m_PrefabParentObject: {fileID: 0}
  m_PrefabInternal: {fileID: 100100000}
  serializedVersion: 4
  m_Component:
  - 4: {fileID: 475646}
  - 212: {fileID: 21275678}
  - 114: {fileID: 11475662}
  m_Layer: 16
  m_Name: RearWound
  m_TagString: Untagged
  m_Icon: {fileID: 0}
  m_NavMeshLayer: 0
  m_StaticEditorFlags: 0
  m_IsActive: 1
--- !u!1 &175648
GameObject:
  m_ObjectHideFlags: 1
  m_PrefabParentObject: {fileID: 0}
  m_PrefabInternal: {fileID: 100100000}
  serializedVersion: 4
  m_Component:
  - 4: {fileID: 475648}
  - 212: {fileID: 21275680}
  m_Layer: 16
  m_Name: Mesh
  m_TagString: Untagged
  m_Icon: {fileID: 0}
  m_NavMeshLayer: 0
  m_StaticEditorFlags: 0
  m_IsActive: 1
--- !u!1 &175650
GameObject:
  m_ObjectHideFlags: 1
  m_PrefabParentObject: {fileID: 0}
  m_PrefabInternal: {fileID: 100100000}
  serializedVersion: 4
  m_Component:
  - 4: {fileID: 475650}
  - 114: {fileID: 11475664}
  m_Layer: 16
  m_Name: Emitter
  m_TagString: Untagged
  m_Icon: {fileID: 0}
  m_NavMeshLayer: 0
  m_StaticEditorFlags: 0
  m_IsActive: 0
--- !u!1 &175652
GameObject:
  m_ObjectHideFlags: 1
  m_PrefabParentObject: {fileID: 0}
  m_PrefabInternal: {fileID: 100100000}
  serializedVersion: 4
  m_Component:
  - 4: {fileID: 475652}
  - 114: {fileID: 11475666}
  - 50: {fileID: 5075686}
  - 114: {fileID: 11475668}
  - 60: {fileID: 6075686}
  m_Layer: 16
  m_Name: FrontArmor
  m_TagString: Untagged
  m_Icon: {fileID: 0}
  m_NavMeshLayer: 0
  m_StaticEditorFlags: 0
  m_IsActive: 1
--- !u!1 &175654
GameObject:
  m_ObjectHideFlags: 1
  m_PrefabParentObject: {fileID: 0}
  m_PrefabInternal: {fileID: 100100000}
  serializedVersion: 4
  m_Component:
  - 4: {fileID: 475654}
  - 212: {fileID: 21275682}
  - 114: {fileID: 11475670}
  - 61: {fileID: 6175686}
  - 114: {fileID: 11475672}
  m_Layer: 16
  m_Name: WeakPoint
  m_TagString: Untagged
  m_Icon: {fileID: 0}
  m_NavMeshLayer: 0
  m_StaticEditorFlags: 0
  m_IsActive: 1
--- !u!1 &175656
GameObject:
  m_ObjectHideFlags: 1
  m_PrefabParentObject: {fileID: 0}
  m_PrefabInternal: {fileID: 100100000}
  serializedVersion: 4
  m_Component:
  - 4: {fileID: 475656}
  - 58: {fileID: 5875676}
  m_Layer: 16
  m_Name: Circle
  m_TagString: Untagged
  m_Icon: {fileID: 0}
  m_NavMeshLayer: 0
  m_StaticEditorFlags: 0
  m_IsActive: 1
--- !u!1 &175658
GameObject:
  m_ObjectHideFlags: 0
  m_PrefabParentObject: {fileID: 0}
  m_PrefabInternal: {fileID: 100100000}
  serializedVersion: 4
  m_Component:
  - 4: {fileID: 475658}
  m_Layer: 16
  m_Name: ShorcaWeakSpots
  m_TagString: Untagged
  m_Icon: {fileID: 0}
  m_NavMeshLayer: 0
  m_StaticEditorFlags: 0
  m_IsActive: 1
--- !u!1 &175660
GameObject:
  m_ObjectHideFlags: 1
  m_PrefabParentObject: {fileID: 0}
  m_PrefabInternal: {fileID: 100100000}
  serializedVersion: 4
  m_Component:
  - 4: {fileID: 475660}
  - 212: {fileID: 21275684}
  - 114: {fileID: 11475674}
  - 61: {fileID: 6175688}
  - 114: {fileID: 11475676}
  m_Layer: 16
  m_Name: WeakPoint
  m_TagString: Untagged
  m_Icon: {fileID: 0}
  m_NavMeshLayer: 0
  m_StaticEditorFlags: 0
  m_IsActive: 1
--- !u!1 &175662
GameObject:
  m_ObjectHideFlags: 1
  m_PrefabParentObject: {fileID: 0}
  m_PrefabInternal: {fileID: 100100000}
  serializedVersion: 4
  m_Component:
  - 4: {fileID: 475662}
  - 58: {fileID: 5875678}
  m_Layer: 16
  m_Name: Circle
  m_TagString: Untagged
  m_Icon: {fileID: 0}
  m_NavMeshLayer: 0
  m_StaticEditorFlags: 0
  m_IsActive: 1
--- !u!1 &175664
GameObject:
  m_ObjectHideFlags: 1
  m_PrefabParentObject: {fileID: 0}
  m_PrefabInternal: {fileID: 100100000}
  serializedVersion: 4
  m_Component:
  - 4: {fileID: 475664}
  - 58: {fileID: 5875680}
  m_Layer: 16
  m_Name: Circle
  m_TagString: Untagged
  m_Icon: {fileID: 0}
  m_NavMeshLayer: 0
  m_StaticEditorFlags: 0
  m_IsActive: 1
--- !u!1 &175666
GameObject:
  m_ObjectHideFlags: 1
  m_PrefabParentObject: {fileID: 0}
  m_PrefabInternal: {fileID: 100100000}
  serializedVersion: 4
  m_Component:
  - 4: {fileID: 475666}
  - 114: {fileID: 11475678}
  m_Layer: 16
  m_Name: Emitter
  m_TagString: Untagged
  m_Icon: {fileID: 0}
  m_NavMeshLayer: 0
  m_StaticEditorFlags: 0
  m_IsActive: 0
--- !u!1 &175668
GameObject:
  m_ObjectHideFlags: 1
  m_PrefabParentObject: {fileID: 0}
  m_PrefabInternal: {fileID: 100100000}
  serializedVersion: 4
  m_Component:
  - 4: {fileID: 475668}
  - 58: {fileID: 5875682}
  m_Layer: 16
  m_Name: Circle
  m_TagString: Untagged
  m_Icon: {fileID: 0}
  m_NavMeshLayer: 0
  m_StaticEditorFlags: 0
  m_IsActive: 1
--- !u!1 &175670
GameObject:
  m_ObjectHideFlags: 1
  m_PrefabParentObject: {fileID: 0}
  m_PrefabInternal: {fileID: 100100000}
  serializedVersion: 4
  m_Component:
  - 4: {fileID: 475670}
  - 58: {fileID: 5875684}
  m_Layer: 16
  m_Name: Circle
  m_TagString: Untagged
  m_Icon: {fileID: 0}
  m_NavMeshLayer: 0
  m_StaticEditorFlags: 0
  m_IsActive: 1
--- !u!1 &175672
GameObject:
  m_ObjectHideFlags: 1
  m_PrefabParentObject: {fileID: 0}
  m_PrefabInternal: {fileID: 100100000}
  serializedVersion: 4
  m_Component:
  - 4: {fileID: 475672}
  - 212: {fileID: 21275686}
  m_Layer: 16
  m_Name: Mesh
  m_TagString: Untagged
  m_Icon: {fileID: 0}
  m_NavMeshLayer: 0
  m_StaticEditorFlags: 0
  m_IsActive: 1
--- !u!1 &175674
GameObject:
  m_ObjectHideFlags: 1
  m_PrefabParentObject: {fileID: 0}
  m_PrefabInternal: {fileID: 100100000}
  serializedVersion: 4
  m_Component:
  - 4: {fileID: 475674}
  - 114: {fileID: 11475680}
  - 50: {fileID: 5075688}
  - 114: {fileID: 11475682}
  - 60: {fileID: 6075688}
  m_Layer: 16
  m_Name: RearArmor
  m_TagString: Untagged
  m_Icon: {fileID: 0}
  m_NavMeshLayer: 0
  m_StaticEditorFlags: 0
  m_IsActive: 1
--- !u!1 &175676
GameObject:
  m_ObjectHideFlags: 1
  m_PrefabParentObject: {fileID: 0}
  m_PrefabInternal: {fileID: 100100000}
  serializedVersion: 4
  m_Component:
  - 4: {fileID: 475676}
  - 58: {fileID: 5875686}
  m_Layer: 16
  m_Name: Circle
  m_TagString: Untagged
  m_Icon: {fileID: 0}
  m_NavMeshLayer: 0
  m_StaticEditorFlags: 0
  m_IsActive: 1
--- !u!1 &175678
GameObject:
  m_ObjectHideFlags: 1
  m_PrefabParentObject: {fileID: 0}
  m_PrefabInternal: {fileID: 100100000}
  serializedVersion: 4
  m_Component:
  - 4: {fileID: 475678}
  - 212: {fileID: 21275688}
  - 114: {fileID: 11475684}
  - 61: {fileID: 6175690}
  - 114: {fileID: 11475686}
  m_Layer: 16
  m_Name: WeakPoint
  m_TagString: Untagged
  m_Icon: {fileID: 0}
  m_NavMeshLayer: 0
  m_StaticEditorFlags: 0
  m_IsActive: 1
--- !u!1 &175680
GameObject:
  m_ObjectHideFlags: 1
  m_PrefabParentObject: {fileID: 0}
  m_PrefabInternal: {fileID: 100100000}
  serializedVersion: 4
  m_Component:
  - 4: {fileID: 475680}
  - 212: {fileID: 21275690}
  m_Layer: 16
  m_Name: Mesh
  m_TagString: Untagged
  m_Icon: {fileID: 0}
  m_NavMeshLayer: 0
  m_StaticEditorFlags: 0
  m_IsActive: 1
--- !u!1 &175682
GameObject:
  m_ObjectHideFlags: 1
  m_PrefabParentObject: {fileID: 0}
  m_PrefabInternal: {fileID: 100100000}
  serializedVersion: 4
  m_Component:
  - 4: {fileID: 475682}
  - 114: {fileID: 11475688}
  - 50: {fileID: 5075690}
  - 114: {fileID: 11475690}
  - 60: {fileID: 6075690}
  m_Layer: 16
  m_Name: MiddleArmor
  m_TagString: Untagged
  m_Icon: {fileID: 0}
  m_NavMeshLayer: 0
  m_StaticEditorFlags: 0
  m_IsActive: 1
--- !u!1 &175684
GameObject:
  m_ObjectHideFlags: 1
  m_PrefabParentObject: {fileID: 0}
  m_PrefabInternal: {fileID: 100100000}
  serializedVersion: 4
  m_Component:
  - 4: {fileID: 475684}
  - 58: {fileID: 5875688}
  m_Layer: 16
  m_Name: Circle
  m_TagString: Untagged
  m_Icon: {fileID: 0}
  m_NavMeshLayer: 0
  m_StaticEditorFlags: 0
  m_IsActive: 1
--- !u!1 &175686
GameObject:
  m_ObjectHideFlags: 1
  m_PrefabParentObject: {fileID: 0}
  m_PrefabInternal: {fileID: 100100000}
  serializedVersion: 4
  m_Component:
  - 4: {fileID: 475686}
  - 58: {fileID: 5875690}
  m_Layer: 16
  m_Name: Circle
  m_TagString: Untagged
  m_Icon: {fileID: 0}
  m_NavMeshLayer: 0
  m_StaticEditorFlags: 0
  m_IsActive: 1
--- !u!1 &175688
GameObject:
  m_ObjectHideFlags: 0
  m_PrefabParentObject: {fileID: 0}
  m_PrefabInternal: {fileID: 100100000}
  serializedVersion: 4
  m_Component:
  - 4: {fileID: 475688}
  m_Layer: 16
  m_Name: Colliders
  m_TagString: Untagged
  m_Icon: {fileID: 0}
  m_NavMeshLayer: 0
  m_StaticEditorFlags: 0
  m_IsActive: 1
--- !u!1 &175690
GameObject:
  m_ObjectHideFlags: 0
  m_PrefabParentObject: {fileID: 0}
  m_PrefabInternal: {fileID: 100100000}
  serializedVersion: 4
  m_Component:
  - 4: {fileID: 475690}
  m_Layer: 16
  m_Name: ShorcaArmor
  m_TagString: Untagged
  m_Icon: {fileID: 0}
  m_NavMeshLayer: 0
  m_StaticEditorFlags: 0
  m_IsActive: 1
--- !u!4 &475636
Transform:
  m_ObjectHideFlags: 1
  m_PrefabParentObject: {fileID: 0}
  m_PrefabInternal: {fileID: 100100000}
  m_GameObject: {fileID: 175636}
  m_LocalRotation: {x: 0, y: 0, z: -1, w: -4.37113883e-08}
  m_LocalPosition: {x: 681, y: 284, z: -5}
  m_LocalScale: {x: 25, y: -30, z: 1}
  m_Children:
  - {fileID: 475658}
  - {fileID: 475688}
  - {fileID: 475690}
  m_Father: {fileID: 0}
  m_RootOrder: 0
--- !u!4 &475638
Transform:
  m_ObjectHideFlags: 1
  m_PrefabParentObject: {fileID: 0}
  m_PrefabInternal: {fileID: 100100000}
  m_GameObject: {fileID: 175638}
  m_LocalRotation: {x: 0, y: 0, z: .00903485902, w: .99995923}
  m_LocalPosition: {x: 0, y: 0, z: .100000001}
  m_LocalScale: {x: .0833886266, y: .252660245, z: 1}
  m_Children: []
  m_Father: {fileID: 475640}
  m_RootOrder: 1
--- !u!4 &475640
Transform:
  m_ObjectHideFlags: 1
  m_PrefabParentObject: {fileID: 0}
  m_PrefabInternal: {fileID: 100100000}
  m_GameObject: {fileID: 175640}
  m_LocalRotation: {x: 0, y: 0, z: .0784591064, w: .996917367}
  m_LocalPosition: {x: 1.12, y: .930000007, z: 0}
  m_LocalScale: {x: .699999988, y: .200000003, z: 1}
  m_Children:
  - {fileID: 475654}
  - {fileID: 475638}
  m_Father: {fileID: 475658}
  m_RootOrder: 1
--- !u!4 &475642
Transform:
  m_ObjectHideFlags: 1
  m_PrefabParentObject: {fileID: 0}
  m_PrefabInternal: {fileID: 100100000}
  m_GameObject: {fileID: 175642}
  m_LocalRotation: {x: 0, y: 0, z: .260614514, w: -.965443015}
  m_LocalPosition: {x: 4.01000023, y: 1, z: 0}
  m_LocalScale: {x: .5, y: .200000003, z: 1}
  m_Children:
  - {fileID: 475660}
  - {fileID: 475650}
  m_Father: {fileID: 475658}
  m_RootOrder: 0
--- !u!4 &475644
Transform:
  m_ObjectHideFlags: 1
  m_PrefabParentObject: {fileID: 0}
  m_PrefabInternal: {fileID: 100100000}
  m_GameObject: {fileID: 175644}
  m_LocalRotation: {x: 0, y: 0, z: -4.37113883e-08, w: 1}
  m_LocalPosition: {x: -2.79999995, y: .709999979, z: 0}
  m_LocalScale: {x: 1, y: 1, z: 1}
  m_Children: []
  m_Father: {fileID: 475688}
  m_RootOrder: 6
--- !u!4 &475646
Transform:
  m_ObjectHideFlags: 1
  m_PrefabParentObject: {fileID: 0}
  m_PrefabInternal: {fileID: 100100000}
  m_GameObject: {fileID: 175646}
  m_LocalRotation: {x: 0, y: 0, z: -.0952258483, w: -.995455742}
  m_LocalPosition: {x: -1.66999996, y: .200000003, z: 0}
  m_LocalScale: {x: .5, y: .200000003, z: 1}
  m_Children:
  - {fileID: 475678}
  - {fileID: 475666}
  m_Father: {fileID: 475658}
  m_RootOrder: 2
--- !u!4 &475648
Transform:
  m_ObjectHideFlags: 1
  m_PrefabParentObject: {fileID: 0}
  m_PrefabInternal: {fileID: 100100000}
  m_GameObject: {fileID: 175648}
  m_LocalRotation: {x: 0, y: 0, z: 0, w: 1}
  m_LocalPosition: {x: 0, y: 0, z: 0}
  m_LocalScale: {x: 1, y: 1, z: 1}
  m_Children: []
  m_Father: {fileID: 475652}
  m_RootOrder: 0
--- !u!4 &475650
Transform:
  m_ObjectHideFlags: 1
  m_PrefabParentObject: {fileID: 0}
  m_PrefabInternal: {fileID: 100100000}
  m_GameObject: {fileID: 175650}
  m_LocalRotation: {x: 0, y: 0, z: .00903485902, w: .99995923}
  m_LocalPosition: {x: 0, y: 0, z: .100000001}
  m_LocalScale: {x: .0833886266, y: .252660245, z: 1}
  m_Children: []
  m_Father: {fileID: 475642}
  m_RootOrder: 1
--- !u!4 &475652
Transform:
  m_ObjectHideFlags: 1
  m_PrefabParentObject: {fileID: 0}
  m_PrefabInternal: {fileID: 100100000}
  m_GameObject: {fileID: 175652}
  m_LocalRotation: {x: 0, y: 0, z: 0, w: 1}
  m_LocalPosition: {x: -0, y: 0, z: 0}
  m_LocalScale: {x: 1, y: 1, z: 1}
  m_Children:
  - {fileID: 475648}
  m_Father: {fileID: 475690}
  m_RootOrder: 0
--- !u!4 &475654
Transform:
  m_ObjectHideFlags: 1
  m_PrefabParentObject: {fileID: 0}
  m_PrefabInternal: {fileID: 100100000}
  m_GameObject: {fileID: 175654}
  m_LocalRotation: {x: 0, y: 0, z: .00903486088, w: .999959171}
  m_LocalPosition: {x: .0900000036, y: 1, z: 0}
  m_LocalScale: {x: 2.97439623, y: 1.63730991, z: 1}
  m_Children: []
  m_Father: {fileID: 475640}
  m_RootOrder: 0
--- !u!4 &475656
Transform:
  m_ObjectHideFlags: 1
  m_PrefabParentObject: {fileID: 0}
  m_PrefabInternal: {fileID: 100100000}
  m_GameObject: {fileID: 175656}
  m_LocalRotation: {x: 0, y: 0, z: -4.37113883e-08, w: 1}
  m_LocalPosition: {x: -3.46000004, y: 1.28999996, z: 0}
  m_LocalScale: {x: 1, y: 1, z: 1}
  m_Children: []
  m_Father: {fileID: 475688}
  m_RootOrder: 8
--- !u!4 &475658
Transform:
  m_ObjectHideFlags: 1
  m_PrefabParentObject: {fileID: 0}
  m_PrefabInternal: {fileID: 100100000}
  m_GameObject: {fileID: 175658}
  m_LocalRotation: {x: 0, y: 0, z: 0, w: 1}
  m_LocalPosition: {x: 0, y: 0, z: 0}
  m_LocalScale: {x: 1, y: 1, z: 1}
  m_Children:
  - {fileID: 475642}
  - {fileID: 475640}
  - {fileID: 475646}
  m_Father: {fileID: 475636}
  m_RootOrder: 0
--- !u!4 &475660
Transform:
  m_ObjectHideFlags: 1
  m_PrefabParentObject: {fileID: 0}
  m_PrefabInternal: {fileID: 100100000}
  m_GameObject: {fileID: 175660}
  m_LocalRotation: {x: 0, y: 0, z: .00903486088, w: .999959171}
  m_LocalPosition: {x: .061999999, y: .0399999991, z: 0}
  m_LocalScale: {x: 2.97439623, y: 1.63730991, z: 1}
  m_Children: []
  m_Father: {fileID: 475642}
  m_RootOrder: 0
--- !u!4 &475662
Transform:
  m_ObjectHideFlags: 1
  m_PrefabParentObject: {fileID: 0}
  m_PrefabInternal: {fileID: 100100000}
  m_GameObject: {fileID: 175662}
  m_LocalRotation: {x: 0, y: 0, z: -4.37113883e-08, w: 1}
  m_LocalPosition: {x: 1.60000002, y: .540000021, z: 0}
  m_LocalScale: {x: 1, y: 1, z: 1}
  m_Children: []
  m_Father: {fileID: 475688}
  m_RootOrder: 2
--- !u!4 &475664
Transform:
  m_ObjectHideFlags: 1
  m_PrefabParentObject: {fileID: 0}
  m_PrefabInternal: {fileID: 100100000}
  m_GameObject: {fileID: 175664}
  m_LocalRotation: {x: 0, y: 0, z: -4.37113883e-08, w: 1}
  m_LocalPosition: {x: 2.99000001, y: .930000007, z: 0}
  m_LocalScale: {x: 1, y: 1, z: 1}
  m_Children: []
  m_Father: {fileID: 475688}
  m_RootOrder: 1
--- !u!4 &475666
Transform:
  m_ObjectHideFlags: 1
  m_PrefabParentObject: {fileID: 0}
  m_PrefabInternal: {fileID: 100100000}
  m_GameObject: {fileID: 175666}
  m_LocalRotation: {x: 0, y: 0, z: -.0378651097, w: .999282897}
  m_LocalPosition: {x: 0, y: 0, z: .100000001}
  m_LocalScale: {x: .084533304, y: .252438962, z: 1}
  m_Children: []
  m_Father: {fileID: 475646}
  m_RootOrder: 1
--- !u!4 &475668
Transform:
  m_ObjectHideFlags: 1
  m_PrefabParentObject: {fileID: 0}
  m_PrefabInternal: {fileID: 100100000}
  m_GameObject: {fileID: 175668}
  m_LocalRotation: {x: 0, y: 0, z: -4.37113883e-08, w: 1}
  m_LocalPosition: {x: -2.00999999, y: .449999988, z: 0}
  m_LocalScale: {x: 1, y: 1, z: 1}
  m_Children: []
  m_Father: {fileID: 475688}
  m_RootOrder: 5
--- !u!4 &475670
Transform:
  m_ObjectHideFlags: 1
  m_PrefabParentObject: {fileID: 0}
  m_PrefabInternal: {fileID: 100100000}
  m_GameObject: {fileID: 175670}
  m_LocalRotation: {x: 0, y: 0, z: -4.37113883e-08, w: 1}
  m_LocalPosition: {x: 0, y: .360000014, z: 0}
  m_LocalScale: {x: 1, y: 1, z: 1}
  m_Children: []
  m_Father: {fileID: 475688}
  m_RootOrder: 3
--- !u!4 &475672
Transform:
  m_ObjectHideFlags: 1
  m_PrefabParentObject: {fileID: 0}
  m_PrefabInternal: {fileID: 100100000}
  m_GameObject: {fileID: 175672}
  m_LocalRotation: {x: 0, y: 0, z: 0, w: 1}
  m_LocalPosition: {x: 0, y: 0, z: 0}
  m_LocalScale: {x: 1, y: 1, z: 1}
  m_Children: []
  m_Father: {fileID: 475682}
  m_RootOrder: 0
--- !u!4 &475674
Transform:
  m_ObjectHideFlags: 1
  m_PrefabParentObject: {fileID: 0}
  m_PrefabInternal: {fileID: 100100000}
  m_GameObject: {fileID: 175674}
  m_LocalRotation: {x: 0, y: 0, z: 0, w: 1}
  m_LocalPosition: {x: 2.0999999, y: 5, z: 0}
  m_LocalScale: {x: 1, y: 1, z: 1}
  m_Children:
  - {fileID: 475680}
  m_Father: {fileID: 475690}
  m_RootOrder: 2
--- !u!4 &475676
Transform:
  m_ObjectHideFlags: 1
  m_PrefabParentObject: {fileID: 0}
  m_PrefabInternal: {fileID: 100100000}
  m_GameObject: {fileID: 175676}
  m_LocalRotation: {x: 0, y: 0, z: -4.37113883e-08, w: 1}
  m_LocalPosition: {x: -1.21000004, y: .389999986, z: 0}
  m_LocalScale: {x: 1, y: 1, z: 1}
  m_Children: []
  m_Father: {fileID: 475688}
  m_RootOrder: 4
--- !u!4 &475678
Transform:
  m_ObjectHideFlags: 1
  m_PrefabParentObject: {fileID: 0}
  m_PrefabInternal: {fileID: 100100000}
  m_GameObject: {fileID: 175678}
  m_LocalRotation: {x: 0, y: 0, z: .00903486088, w: .999959171}
  m_LocalPosition: {x: .061999999, y: .0399999991, z: 0}
  m_LocalScale: {x: 2.97439623, y: 1.63730991, z: 1}
  m_Children: []
  m_Father: {fileID: 475646}
  m_RootOrder: 0
--- !u!4 &475680
Transform:
  m_ObjectHideFlags: 1
  m_PrefabParentObject: {fileID: 0}
  m_PrefabInternal: {fileID: 100100000}
  m_GameObject: {fileID: 175680}
  m_LocalRotation: {x: 0, y: 0, z: 0, w: 1}
  m_LocalPosition: {x: 0, y: 0, z: 0}
  m_LocalScale: {x: 1, y: 1, z: 1}
  m_Children: []
  m_Father: {fileID: 475674}
  m_RootOrder: 0
--- !u!4 &475682
Transform:
  m_ObjectHideFlags: 1
  m_PrefabParentObject: {fileID: 0}
  m_PrefabInternal: {fileID: 100100000}
  m_GameObject: {fileID: 175682}
  m_LocalRotation: {x: 0, y: 0, z: 0, w: 1}
  m_LocalPosition: {x: -0, y: 6, z: 0}
  m_LocalScale: {x: 1, y: 1, z: 1}
  m_Children:
  - {fileID: 475672}
  m_Father: {fileID: 475690}
  m_RootOrder: 1
--- !u!4 &475684
Transform:
  m_ObjectHideFlags: 1
  m_PrefabParentObject: {fileID: 0}
  m_PrefabInternal: {fileID: 100100000}
  m_GameObject: {fileID: 175684}
  m_LocalRotation: {x: 0, y: 0, z: -4.37113883e-08, w: 1}
  m_LocalPosition: {x: -3.08999991, y: .959999979, z: 0}
  m_LocalScale: {x: 1, y: 1, z: 1}
  m_Children: []
  m_Father: {fileID: 475688}
  m_RootOrder: 7
--- !u!4 &475686
Transform:
  m_ObjectHideFlags: 1
  m_PrefabParentObject: {fileID: 0}
  m_PrefabInternal: {fileID: 100100000}
  m_GameObject: {fileID: 175686}
  m_LocalRotation: {x: 0, y: 0, z: 0, w: 1}
  m_LocalPosition: {x: 4.01000023, y: .629999995, z: 0}
  m_LocalScale: {x: 1, y: 1, z: 1}
  m_Children: []
  m_Father: {fileID: 475688}
  m_RootOrder: 0
--- !u!4 &475688
Transform:
  m_ObjectHideFlags: 1
  m_PrefabParentObject: {fileID: 0}
  m_PrefabInternal: {fileID: 100100000}
  m_GameObject: {fileID: 175688}
  m_LocalRotation: {x: 0, y: 0, z: 0, w: 1}
  m_LocalPosition: {x: 0, y: -1, z: 0}
  m_LocalScale: {x: 1, y: 1, z: 1}
  m_Children:
  - {fileID: 475686}
  - {fileID: 475664}
  - {fileID: 475662}
  - {fileID: 475670}
  - {fileID: 475676}
  - {fileID: 475668}
  - {fileID: 475644}
  - {fileID: 475684}
  - {fileID: 475656}
  m_Father: {fileID: 475636}
  m_RootOrder: 1
--- !u!4 &475690
Transform:
  m_ObjectHideFlags: 1
  m_PrefabParentObject: {fileID: 0}
  m_PrefabInternal: {fileID: 100100000}
  m_GameObject: {fileID: 175690}
  m_LocalRotation: {x: 0, y: 0, z: 0, w: 1}
  m_LocalPosition: {x: 0, y: 0, z: -.100000001}
  m_LocalScale: {x: .0508692414, y: .0508692227, z: .0508692227}
  m_Children:
  - {fileID: 475652}
  - {fileID: 475682}
  - {fileID: 475674}
  m_Father: {fileID: 475636}
  m_RootOrder: 2
--- !u!50 &5075684
Rigidbody2D:
  m_ObjectHideFlags: 1
  m_PrefabParentObject: {fileID: 0}
  m_PrefabInternal: {fileID: 100100000}
  m_GameObject: {fileID: 175636}
  m_Mass: 100000
  m_LinearDrag: 0
  m_AngularDrag: 0
  m_GravityScale: 0
  m_FixedAngle: 1
  m_IsKinematic: 0
  m_Interpolate: 0
  m_SleepingMode: 1
  m_CollisionDetection: 0
--- !u!50 &5075686
Rigidbody2D:
  m_ObjectHideFlags: 1
  m_PrefabParentObject: {fileID: 0}
  m_PrefabInternal: {fileID: 100100000}
  m_GameObject: {fileID: 175652}
  m_Mass: 1
  m_LinearDrag: 1
  m_AngularDrag: .0500000007
  m_GravityScale: 1
  m_FixedAngle: 0
  m_IsKinematic: 1
  m_Interpolate: 0
  m_SleepingMode: 1
  m_CollisionDetection: 0
--- !u!50 &5075688
Rigidbody2D:
  m_ObjectHideFlags: 1
  m_PrefabParentObject: {fileID: 0}
  m_PrefabInternal: {fileID: 100100000}
  m_GameObject: {fileID: 175674}
  m_Mass: 1
  m_LinearDrag: 1
  m_AngularDrag: .0500000007
  m_GravityScale: 1
  m_FixedAngle: 0
  m_IsKinematic: 1
  m_Interpolate: 0
  m_SleepingMode: 1
  m_CollisionDetection: 0
--- !u!50 &5075690
Rigidbody2D:
  m_ObjectHideFlags: 1
  m_PrefabParentObject: {fileID: 0}
  m_PrefabInternal: {fileID: 100100000}
  m_GameObject: {fileID: 175682}
  m_Mass: 1
  m_LinearDrag: 1
  m_AngularDrag: .0500000007
  m_GravityScale: 1
  m_FixedAngle: 0
  m_IsKinematic: 1
  m_Interpolate: 0
  m_SleepingMode: 1
  m_CollisionDetection: 0
--- !u!58 &5875674
CircleCollider2D:
  m_ObjectHideFlags: 1
  m_PrefabParentObject: {fileID: 0}
  m_PrefabInternal: {fileID: 100100000}
  m_GameObject: {fileID: 175644}
  m_Enabled: 1
  m_Material: {fileID: 0}
  m_IsTrigger: 0
  m_Radius: .5
  m_Center: {x: 0, y: 0}
--- !u!58 &5875676
CircleCollider2D:
  m_ObjectHideFlags: 1
  m_PrefabParentObject: {fileID: 0}
  m_PrefabInternal: {fileID: 100100000}
  m_GameObject: {fileID: 175656}
  m_Enabled: 1
  m_Material: {fileID: 0}
  m_IsTrigger: 0
  m_Radius: .409999996
  m_Center: {x: 0, y: 0}
--- !u!58 &5875678
CircleCollider2D:
  m_ObjectHideFlags: 1
  m_PrefabParentObject: {fileID: 0}
  m_PrefabInternal: {fileID: 100100000}
  m_GameObject: {fileID: 175662}
  m_Enabled: 1
  m_Material: {fileID: 0}
  m_IsTrigger: 0
  m_Radius: 1.24000001
  m_Center: {x: 0, y: 0}
--- !u!58 &5875680
CircleCollider2D:
  m_ObjectHideFlags: 1
  m_PrefabParentObject: {fileID: 0}
  m_PrefabInternal: {fileID: 100100000}
  m_GameObject: {fileID: 175664}
  m_Enabled: 1
  m_Material: {fileID: 0}
  m_IsTrigger: 0
  m_Radius: 1.22000003
  m_Center: {x: 0, y: 0}
--- !u!58 &5875682
CircleCollider2D:
  m_ObjectHideFlags: 1
  m_PrefabParentObject: {fileID: 0}
  m_PrefabInternal: {fileID: 100100000}
  m_GameObject: {fileID: 175668}
  m_Enabled: 1
  m_Material: {fileID: 0}
  m_IsTrigger: 0
  m_Radius: .660000026
  m_Center: {x: 0, y: 0}
--- !u!58 &5875684
CircleCollider2D:
  m_ObjectHideFlags: 1
  m_PrefabParentObject: {fileID: 0}
  m_PrefabInternal: {fileID: 100100000}
  m_GameObject: {fileID: 175670}
  m_Enabled: 1
  m_Material: {fileID: 0}
  m_IsTrigger: 0
  m_Radius: 1.07000005
  m_Center: {x: 0, y: 0}
--- !u!58 &5875686
CircleCollider2D:
  m_ObjectHideFlags: 1
  m_PrefabParentObject: {fileID: 0}
  m_PrefabInternal: {fileID: 100100000}
  m_GameObject: {fileID: 175676}
  m_Enabled: 1
  m_Material: {fileID: 0}
  m_IsTrigger: 0
  m_Radius: .860000014
  m_Center: {x: 0, y: 0}
--- !u!58 &5875688
CircleCollider2D:
  m_ObjectHideFlags: 1
  m_PrefabParentObject: {fileID: 0}
  m_PrefabInternal: {fileID: 100100000}
  m_GameObject: {fileID: 175684}
  m_Enabled: 1
  m_Material: {fileID: 0}
  m_IsTrigger: 0
  m_Radius: .439999998
  m_Center: {x: 0, y: 0}
--- !u!58 &5875690
CircleCollider2D:
  m_ObjectHideFlags: 1
  m_PrefabParentObject: {fileID: 0}
  m_PrefabInternal: {fileID: 100100000}
  m_GameObject: {fileID: 175686}
  m_Enabled: 1
  m_Material: {fileID: 0}
  m_IsTrigger: 0
  m_Radius: .920000017
  m_Center: {x: 0, y: 0}
--- !u!60 &6075686
PolygonCollider2D:
  m_ObjectHideFlags: 1
  m_PrefabParentObject: {fileID: 0}
  m_PrefabInternal: {fileID: 100100000}
  m_GameObject: {fileID: 175652}
  m_Enabled: 1
  m_Material: {fileID: 0}
  m_IsTrigger: 0
  m_Poly:
    m_Paths:
    - - {x: 49.3763657, y: 36.8073349}
      - {x: 64.7822037, y: 32.4648743}
      - {x: 74.9583511, y: 29.1323071}
      - {x: 83.0160828, y: 28.0026112}
      - {x: 97.8796005, y: 15.6707115}
      - {x: 103.891937, y: 4.39087725}
      - {x: 107.239754, y: -10.0537081}
      - {x: 102.605362, y: -10.9463291}
      - {x: 89.6800537, y: -5.94295979}
      - {x: 71.957695, y: -9.52416229}
      - {x: 51.4980469, y: -5.54410315}
      - {x: 44.8170815, y: 2.99157953}
      - {x: 47.782177, y: 20.0947399}
      - {x: 45.9620056, y: 32.1135826}
      - {x: 43.7447739, y: 35.8248749}
      - {x: 40.8473816, y: 38.5408325}
--- !u!60 &6075688
PolygonCollider2D:
  m_ObjectHideFlags: 1
  m_PrefabParentObject: {fileID: 0}
  m_PrefabInternal: {fileID: 100100000}
  m_GameObject: {fileID: 175674}
  m_Enabled: 1
  m_Material: {fileID: 0}
  m_IsTrigger: 0
  m_Poly:
    m_Paths:
    - - {x: -57.9792824, y: 12.5403414}
      - {x: -42.5707588, y: 8.92856789}
      - {x: -19.1426659, y: 13.4811125}
      - {x: -7.33917618, y: 17.2019539}
      - {x: -3.58881068, y: 21.6491508}
      - {x: -1.2062757, y: 19.4058037}
      - {x: -3.43686581, y: 9.49083805}
      - {x: -4.92678118, y: -4.27873993}
      - {x: -1.95391643, y: -22.2695465}
      - {x: -18.8378468, y: -19.3606319}
      - {x: -32.4330521, y: -14.2180319}
      - {x: -45.5684509, y: -6.55355072}
      - {x: -64.1302109, y: 4.57577419}
      - {x: -65.4570923, y: 9.68430996}
      - {x: -72.0868378, y: 11.0238771}
      - {x: -69.6944122, y: 23.6539631}
--- !u!60 &6075690
PolygonCollider2D:
  m_ObjectHideFlags: 1
  m_PrefabParentObject: {fileID: 0}
  m_PrefabInternal: {fileID: 100100000}
  m_GameObject: {fileID: 175682}
  m_Enabled: 1
  m_Material: {fileID: 0}
  m_IsTrigger: 0
  m_Poly:
    m_Paths:
    - - {x: 19.75, y: -12.875}
      - {x: 25.25, y: -5.625}
      - {x: 30.75, y: -7.125}
      - {x: 34.25, y: -6.875}
      - {x: 39.25, y: -6.125}
      - {x: 45.25, y: -9.375}
      - {x: 47, y: -9.875}
      - {x: 49.5, y: -10.125}
      - {x: 51.25, y: -8.875}
      - {x: 51.25, y: -6.625}
      - {x: 51, y: -5.375}
      - {x: 47.75, y: -1.125}
      - {x: 47, y: 1.125}
      - {x: 45.5, y: 7.125}
      - {x: 44.75, y: 11.625}
      - {x: 46.5, y: 12.875}
      - {x: 47.25, y: 15.125}
      - {x: 47.75, y: 27.375}
      - {x: 46.5, y: 31.125}
      - {x: 44.75, y: 32.125}
      - {x: 43, y: 32.125}
      - {x: 41.25, y: 30.625}
      - {x: 38.25, y: 26.375}
      - {x: 32, y: 25.875}
      - {x: 29.5, y: 26.875}
      - {x: 25.5, y: 23.875}
      - {x: 20, y: 21.375}
      - {x: 16.75, y: 21.375}
      - {x: 12.25, y: 23.375}
      - {x: 10.25, y: 23.875}
      - {x: 8.75, y: 21.625}
      - {x: 2, y: 22.125}
      - {x: .25, y: 20.625}
      - {x: -2.75, y: 14.875}
      - {x: -3.75, y: 10.625}
      - {x: -4.5, y: 5.375}
      - {x: -4.5, y: -5.375}
      - {x: -3.75, y: -9.875}
      - {x: -2.75, y: -13.625}
      - {x: 1.25, y: -20.875}
      - {x: 4.75, y: -24.375}
      - {x: 6, y: -24.375}
      - {x: 9, y: -21.375}
      - {x: 11, y: -21.125}
      - {x: 15.5, y: -17.625}
--- !u!61 &6175686
BoxCollider2D:
  m_ObjectHideFlags: 1
  m_PrefabParentObject: {fileID: 0}
  m_PrefabInternal: {fileID: 100100000}
  m_GameObject: {fileID: 175654}
  m_Enabled: 1
  m_Material: {fileID: 0}
  m_IsTrigger: 0
  m_Size: {x: 1, y: 1}
  m_Center: {x: 0, y: 0}
--- !u!61 &6175688
BoxCollider2D:
  m_ObjectHideFlags: 1
  m_PrefabParentObject: {fileID: 0}
  m_PrefabInternal: {fileID: 100100000}
  m_GameObject: {fileID: 175660}
  m_Enabled: 1
  m_Material: {fileID: 0}
  m_IsTrigger: 0
  m_Size: {x: 1, y: 1}
  m_Center: {x: 0, y: 0}
--- !u!61 &6175690
BoxCollider2D:
  m_ObjectHideFlags: 1
  m_PrefabParentObject: {fileID: 0}
  m_PrefabInternal: {fileID: 100100000}
  m_GameObject: {fileID: 175678}
  m_Enabled: 1
  m_Material: {fileID: 0}
  m_IsTrigger: 0
  m_Size: {x: 1, y: 1}
  m_Center: {x: 0, y: 0}
--- !u!114 &11475654
MonoBehaviour:
  m_ObjectHideFlags: 1
  m_PrefabParentObject: {fileID: 0}
  m_PrefabInternal: {fileID: 100100000}
  m_GameObject: {fileID: 175636}
  m_Enabled: 1
  m_EditorHideFlags: 0
  m_Script: {fileID: 11500000, guid: 9fe277904e6c782459e00ab3d37520c5, type: 3}
  m_Name: 
  m_EditorClassIdentifier: 
  initialHealth: 2980
  armorPieces:
  - {fileID: 11475668}
  - {fileID: 11475682}
  - {fileID: 11475690}
  tosserImpactThreshold: 2000
  idleSpeed: 200
  maxSpeed: 800
  rotSpeed: 150
  flipDelta: 100
  path:
  - {fileID: 0}
  - {fileID: 0}
  - {fileID: 0}
  - {fileID: 0}
  - {fileID: 0}
  transitionNodeDistance: 50
  fadeBackDelay: 1
  pathPointsTillCharge: 3
  chargingPoints:
  - {fileID: 0}
  - {fileID: 0}
  - {fileID: 0}
  chargeRotSpeed: 150
  preparationSpeed: 500
  chargeColor: {r: 1, g: 0, b: 0, a: 1}
  chargePreparationDelay: 1
  chargingDelay: 5
  chargeSpeed: 1500
  additiveCharges: 3
  chargeSpeedSlowed: .867999971
  chargeSlowedDistance: 2000
  invulnerabilityToIceUponEnteringIdleDelay: 1
--- !u!114 &11475656
MonoBehaviour:
  m_ObjectHideFlags: 1
  m_PrefabParentObject: {fileID: 0}
  m_PrefabInternal: {fileID: 100100000}
  m_GameObject: {fileID: 175638}
  m_Enabled: 1
  m_EditorHideFlags: 0
  m_Script: {fileID: 11500000, guid: 9beda5f4e5250a84da03f59b745b2a25, type: 3}
  m_Name: 
  m_EditorClassIdentifier: 
  persistentEmission: 1
  startFireOffset: 5
  reFireDelay: 4
  emittedProjectileType: 2
  generalTarget: {fileID: 0}
  degreeRange: 80
  numberFired: 1
  existingProjectileLimit: 0
  fireBallClip: {fileID: 0}
  fireBallDuration: 1
  showIndicatorAnimation: 0
  indicationTime: 0
  indicator: {fileID: 0}
--- !u!114 &11475658
MonoBehaviour:
  m_ObjectHideFlags: 1
  m_PrefabParentObject: {fileID: 0}
  m_PrefabInternal: {fileID: 100100000}
  m_GameObject: {fileID: 175640}
  m_Enabled: 1
  m_EditorHideFlags: 0
  m_Script: {fileID: 11500000, guid: d6ad82b5403fcb14ea058da402f8a293, type: 3}
  m_Name: 
  m_EditorClassIdentifier: 
  initialHealth: 1000
  SharedEntity: {fileID: 11475654}
--- !u!114 &11475660
MonoBehaviour:
  m_ObjectHideFlags: 1
  m_PrefabParentObject: {fileID: 0}
  m_PrefabInternal: {fileID: 100100000}
  m_GameObject: {fileID: 175642}
  m_Enabled: 1
  m_EditorHideFlags: 0
  m_Script: {fileID: 11500000, guid: d6ad82b5403fcb14ea058da402f8a293, type: 3}
  m_Name: 
  m_EditorClassIdentifier: 
  initialHealth: 1000
  SharedEntity: {fileID: 11475654}
--- !u!114 &11475662
MonoBehaviour:
  m_ObjectHideFlags: 1
  m_PrefabParentObject: {fileID: 0}
  m_PrefabInternal: {fileID: 100100000}
  m_GameObject: {fileID: 175646}
  m_Enabled: 1
  m_EditorHideFlags: 0
  m_Script: {fileID: 11500000, guid: d6ad82b5403fcb14ea058da402f8a293, type: 3}
  m_Name: 
  m_EditorClassIdentifier: 
  initialHealth: 1000
  SharedEntity: {fileID: 11475654}
--- !u!114 &11475664
MonoBehaviour:
  m_ObjectHideFlags: 1
  m_PrefabParentObject: {fileID: 0}
  m_PrefabInternal: {fileID: 100100000}
  m_GameObject: {fileID: 175650}
  m_Enabled: 0
  m_EditorHideFlags: 0
  m_Script: {fileID: 11500000, guid: 9beda5f4e5250a84da03f59b745b2a25, type: 3}
  m_Name: 
  m_EditorClassIdentifier: 
  persistentEmission: 1
  startFireOffset: 3
  reFireDelay: 20
  emittedProjectileType: 2
  generalTarget: {fileID: 0}
  degreeRange: 80
  numberFired: 5
  existingProjectileLimit: 0
  fireBallClip: {fileID: 0}
  fireBallDuration: 1
  showIndicatorAnimation: 0
  indicationTime: 0
  indicator: {fileID: 0}
--- !u!114 &11475666
MonoBehaviour:
  m_ObjectHideFlags: 1
  m_PrefabParentObject: {fileID: 0}
  m_PrefabInternal: {fileID: 100100000}
  m_GameObject: {fileID: 175652}
  m_Enabled: 1
  m_EditorHideFlags: 0
  m_Script: {fileID: 11500000, guid: 7ef0eded25315054fa19adad0a5e03d9, type: 3}
  m_Name: 
  m_EditorClassIdentifier: 
  damage: 50
  permanent: 1
  killZoneLifeTime: 1
--- !u!114 &11475668
MonoBehaviour:
  m_ObjectHideFlags: 1
  m_PrefabParentObject: {fileID: 0}
  m_PrefabInternal: {fileID: 100100000}
  m_GameObject: {fileID: 175652}
  m_Enabled: 1
  m_EditorHideFlags: 0
  m_Script: {fileID: 11500000, guid: 290c48ef4dab998459fc6e179f530883, type: 3}
  m_Name: 
  m_EditorClassIdentifier: 
  CoveredObject: {fileID: 175642}
  ejectedLifespan: 10
  ejectionMagnitude: 2000
  ejectionTorque: 10
--- !u!114 &11475670
MonoBehaviour:
  m_ObjectHideFlags: 1
  m_PrefabParentObject: {fileID: 0}
  m_PrefabInternal: {fileID: 100100000}
  m_GameObject: {fileID: 175654}
  m_Enabled: 1
  m_EditorHideFlags: 0
  m_Script: {fileID: 11500000, guid: 576246713f04ce7408d3c8b58fbe5cd6, type: 3}
  m_Name: 
  m_EditorClassIdentifier: 
  minImpactTillDamage: 0
  baseDamageReceived: 0
  maxImpactReceived: 10000
  maxDamageReceived: 100
  entityToDamage: {fileID: 11475658}
  damageFeedback: {fileID: 137120, guid: 4fdbee195bfb27741bffb256b56f93b5, type: 2}
  largeDamageAmount: 0
--- !u!114 &11475672
MonoBehaviour:
  m_ObjectHideFlags: 1
  m_PrefabParentObject: {fileID: 0}
  m_PrefabInternal: {fileID: 100100000}
  m_GameObject: {fileID: 175654}
  m_Enabled: 1
  m_EditorHideFlags: 0
  m_Script: {fileID: 11500000, guid: 328eb6a9f6489814d8802467fc77d851, type: 3}
  m_Name: 
  m_EditorClassIdentifier: 
  damagedColor: {r: 1, g: 0, b: 0, a: .501960814}
  sprite: {fileID: 0}
  visualDamageFade: 2
--- !u!114 &11475674
MonoBehaviour:
  m_ObjectHideFlags: 1
  m_PrefabParentObject: {fileID: 0}
  m_PrefabInternal: {fileID: 100100000}
  m_GameObject: {fileID: 175660}
  m_Enabled: 1
  m_EditorHideFlags: 0
  m_Script: {fileID: 11500000, guid: 576246713f04ce7408d3c8b58fbe5cd6, type: 3}
  m_Name: 
  m_EditorClassIdentifier: 
  minImpactTillDamage: 0
  baseDamageReceived: 0
  maxImpactReceived: 10000
  maxDamageReceived: 100
  entityToDamage: {fileID: 11475660}
  damageFeedback: {fileID: 137120, guid: 4fdbee195bfb27741bffb256b56f93b5, type: 2}
  largeDamageAmount: 0
--- !u!114 &11475676
MonoBehaviour:
  m_ObjectHideFlags: 1
  m_PrefabParentObject: {fileID: 0}
  m_PrefabInternal: {fileID: 100100000}
  m_GameObject: {fileID: 175660}
  m_Enabled: 1
  m_EditorHideFlags: 0
  m_Script: {fileID: 11500000, guid: 328eb6a9f6489814d8802467fc77d851, type: 3}
  m_Name: 
  m_EditorClassIdentifier: 
  damagedColor: {r: 1, g: 0, b: 0, a: .501960814}
  sprite: {fileID: 0}
  visualDamageFade: 2
--- !u!114 &11475678
MonoBehaviour:
  m_ObjectHideFlags: 1
  m_PrefabParentObject: {fileID: 0}
  m_PrefabInternal: {fileID: 100100000}
  m_GameObject: {fileID: 175666}
  m_Enabled: 1
  m_EditorHideFlags: 0
  m_Script: {fileID: 11500000, guid: 9beda5f4e5250a84da03f59b745b2a25, type: 3}
  m_Name: 
  m_EditorClassIdentifier: 
  persistentEmission: 1
  startFireOffset: 5
  reFireDelay: 4
  emittedProjectileType: 2
  generalTarget: {fileID: 0}
  degreeRange: 80
  numberFired: 1
  existingProjectileLimit: 0
  fireBallClip: {fileID: 0}
  fireBallDuration: 1
  showIndicatorAnimation: 0
  indicationTime: 0
  indicator: {fileID: 0}
--- !u!114 &11475680
MonoBehaviour:
  m_ObjectHideFlags: 1
  m_PrefabParentObject: {fileID: 0}
  m_PrefabInternal: {fileID: 100100000}
  m_GameObject: {fileID: 175674}
  m_Enabled: 1
  m_EditorHideFlags: 0
  m_Script: {fileID: 11500000, guid: 7ef0eded25315054fa19adad0a5e03d9, type: 3}
  m_Name: 
  m_EditorClassIdentifier: 
  damage: 50
  permanent: 1
  killZoneLifeTime: 1
--- !u!114 &11475682
MonoBehaviour:
  m_ObjectHideFlags: 1
  m_PrefabParentObject: {fileID: 0}
  m_PrefabInternal: {fileID: 100100000}
  m_GameObject: {fileID: 175674}
  m_Enabled: 1
  m_EditorHideFlags: 0
  m_Script: {fileID: 11500000, guid: 290c48ef4dab998459fc6e179f530883, type: 3}
  m_Name: 
  m_EditorClassIdentifier: 
  CoveredObject: {fileID: 175646}
  ejectedLifespan: 10
  ejectionMagnitude: 2000
  ejectionTorque: 10
--- !u!114 &11475684
MonoBehaviour:
  m_ObjectHideFlags: 1
  m_PrefabParentObject: {fileID: 0}
  m_PrefabInternal: {fileID: 100100000}
  m_GameObject: {fileID: 175678}
  m_Enabled: 1
  m_EditorHideFlags: 0
  m_Script: {fileID: 11500000, guid: 576246713f04ce7408d3c8b58fbe5cd6, type: 3}
  m_Name: 
  m_EditorClassIdentifier: 
  minImpactTillDamage: 0
  baseDamageReceived: 0
  maxImpactReceived: 10000
  maxDamageReceived: 100
  entityToDamage: {fileID: 11475662}
  damageFeedback: {fileID: 137120, guid: 4fdbee195bfb27741bffb256b56f93b5, type: 2}
  largeDamageAmount: 0
--- !u!114 &11475686
MonoBehaviour:
  m_ObjectHideFlags: 1
  m_PrefabParentObject: {fileID: 0}
  m_PrefabInternal: {fileID: 100100000}
  m_GameObject: {fileID: 175678}
  m_Enabled: 1
  m_EditorHideFlags: 0
  m_Script: {fileID: 11500000, guid: 328eb6a9f6489814d8802467fc77d851, type: 3}
  m_Name: 
  m_EditorClassIdentifier: 
  damagedColor: {r: 1, g: 0, b: 0, a: .501960814}
  sprite: {fileID: 0}
  visualDamageFade: 2
--- !u!114 &11475688
MonoBehaviour:
  m_ObjectHideFlags: 1
  m_PrefabParentObject: {fileID: 0}
  m_PrefabInternal: {fileID: 100100000}
  m_GameObject: {fileID: 175682}
  m_Enabled: 1
  m_EditorHideFlags: 0
  m_Script: {fileID: 11500000, guid: 7ef0eded25315054fa19adad0a5e03d9, type: 3}
  m_Name: 
  m_EditorClassIdentifier: 
  damage: 50
  permanent: 1
  killZoneLifeTime: 1
--- !u!114 &11475690
MonoBehaviour:
  m_ObjectHideFlags: 1
  m_PrefabParentObject: {fileID: 0}
  m_PrefabInternal: {fileID: 100100000}
  m_GameObject: {fileID: 175682}
  m_Enabled: 1
  m_EditorHideFlags: 0
  m_Script: {fileID: 11500000, guid: 290c48ef4dab998459fc6e179f530883, type: 3}
  m_Name: 
  m_EditorClassIdentifier: 
  CoveredObject: {fileID: 175640}
  ejectedLifespan: 10
  ejectionMagnitude: 2000
  ejectionTorque: 10
--- !u!114 &11486594
MonoBehaviour:
  m_ObjectHideFlags: 1
  m_PrefabParentObject: {fileID: 0}
  m_PrefabInternal: {fileID: 100100000}
  m_GameObject: {fileID: 175636}
  m_Enabled: 0
  m_EditorHideFlags: 0
  m_Script: {fileID: 11500000, guid: 328eb6a9f6489814d8802467fc77d851, type: 3}
  m_Name: 
  m_EditorClassIdentifier: 
  damagedColor: {r: 1, g: 1, b: 1, a: .243137255}
  sprite: {fileID: 21259992, guid: 5edc5a0187fbdc24f9d0cb68a3d08093, type: 2}
  visualDamageFade: 1
--- !u!212 &21275674
SpriteRenderer:
  m_ObjectHideFlags: 1
  m_PrefabParentObject: {fileID: 0}
  m_PrefabInternal: {fileID: 100100000}
  m_GameObject: {fileID: 175636}
  m_Enabled: 1
  m_CastShadows: 0
  m_ReceiveShadows: 0
  m_LightmapIndex: 255
  m_LightmapTilingOffset: {x: 1, y: 1, z: 0, w: 0}
  m_Materials:
  - {fileID: 10754, guid: 0000000000000000e000000000000000, type: 0}
  m_SubsetIndices: 
  m_StaticBatchRoot: {fileID: 0}
  m_UseLightProbes: 0
  m_LightProbeAnchor: {fileID: 0}
  m_ScaleInLightmap: 1
  m_SortingLayerID: 0
  m_SortingOrder: 0
  m_Sprite: {fileID: 21300000, guid: 522dc325d1c69104b86f962751827d99, type: 3}
  m_Color: {r: .576989591, g: .63598603, b: .852941155, a: 1}
--- !u!212 &21275676
SpriteRenderer:
  m_ObjectHideFlags: 1
  m_PrefabParentObject: {fileID: 0}
  m_PrefabInternal: {fileID: 100100000}
  m_GameObject: {fileID: 175640}
  m_Enabled: 1
  m_CastShadows: 0
  m_ReceiveShadows: 0
  m_LightmapIndex: 255
  m_LightmapTilingOffset: {x: 1, y: 1, z: 0, w: 0}
  m_Materials:
  - {fileID: 10754, guid: 0000000000000000e000000000000000, type: 0}
  m_SubsetIndices: 
  m_StaticBatchRoot: {fileID: 0}
  m_UseLightProbes: 0
  m_LightProbeAnchor: {fileID: 0}
  m_ScaleInLightmap: 1
  m_SortingLayerID: 0
  m_SortingOrder: 0
  m_Sprite: {fileID: 21300000, guid: 01e0b211d142f3448aceda5781a6a525, type: 3}
  m_Color: {r: 1, g: 1, b: 1, a: 1}
--- !u!212 &21275678
SpriteRenderer:
  m_ObjectHideFlags: 1
  m_PrefabParentObject: {fileID: 0}
  m_PrefabInternal: {fileID: 100100000}
  m_GameObject: {fileID: 175646}
  m_Enabled: 1
  m_CastShadows: 0
  m_ReceiveShadows: 0
  m_LightmapIndex: 255
  m_LightmapTilingOffset: {x: 1, y: 1, z: 0, w: 0}
  m_Materials:
  - {fileID: 10754, guid: 0000000000000000e000000000000000, type: 0}
  m_SubsetIndices: 
  m_StaticBatchRoot: {fileID: 0}
  m_UseLightProbes: 0
  m_LightProbeAnchor: {fileID: 0}
  m_ScaleInLightmap: 1
  m_SortingLayerID: 0
  m_SortingOrder: 0
  m_Sprite: {fileID: 21300000, guid: 01e0b211d142f3448aceda5781a6a525, type: 3}
  m_Color: {r: 1, g: 1, b: 1, a: 1}
--- !u!212 &21275680
SpriteRenderer:
  m_ObjectHideFlags: 1
  m_PrefabParentObject: {fileID: 0}
  m_PrefabInternal: {fileID: 100100000}
  m_GameObject: {fileID: 175648}
  m_Enabled: 1
  m_CastShadows: 0
  m_ReceiveShadows: 0
  m_LightmapIndex: 255
  m_LightmapTilingOffset: {x: 1, y: 1, z: 0, w: 0}
  m_Materials:
  - {fileID: 10754, guid: 0000000000000000e000000000000000, type: 0}
  m_SubsetIndices: 
  m_StaticBatchRoot: {fileID: 0}
  m_UseLightProbes: 0
  m_LightProbeAnchor: {fileID: 0}
  m_ScaleInLightmap: 1
  m_SortingLayerID: 0
  m_SortingOrder: 0
  m_Sprite: {fileID: 21300000, guid: 912f8680c16fd504caf66f43e453eb89, type: 3}
  m_Color: {r: 1, g: 1, b: 1, a: 1}
--- !u!212 &21275682
SpriteRenderer:
  m_ObjectHideFlags: 1
  m_PrefabParentObject: {fileID: 0}
  m_PrefabInternal: {fileID: 100100000}
  m_GameObject: {fileID: 175654}
  m_Enabled: 1
  m_CastShadows: 0
  m_ReceiveShadows: 0
  m_LightmapIndex: 255
  m_LightmapTilingOffset: {x: 1, y: 1, z: 0, w: 0}
  m_Materials:
  - {fileID: 10754, guid: 0000000000000000e000000000000000, type: 0}
  m_SubsetIndices: 
  m_StaticBatchRoot: {fileID: 0}
  m_UseLightProbes: 0
  m_LightProbeAnchor: {fileID: 0}
  m_ScaleInLightmap: 1
  m_SortingLayerID: 0
  m_SortingOrder: 0
  m_Sprite: {fileID: 21300000, guid: 0f0787aef8a3b074288cc66041c5648e, type: 3}
  m_Color: {r: 0, g: 1, b: .0896553993, a: .501960814}
--- !u!212 &21275684
SpriteRenderer:
  m_ObjectHideFlags: 1
  m_PrefabParentObject: {fileID: 0}
  m_PrefabInternal: {fileID: 100100000}
  m_GameObject: {fileID: 175660}
  m_Enabled: 1
  m_CastShadows: 0
  m_ReceiveShadows: 0
  m_LightmapIndex: 255
  m_LightmapTilingOffset: {x: 1, y: 1, z: 0, w: 0}
  m_Materials:
  - {fileID: 10754, guid: 0000000000000000e000000000000000, type: 0}
  m_SubsetIndices: 
  m_StaticBatchRoot: {fileID: 0}
  m_UseLightProbes: 0
  m_LightProbeAnchor: {fileID: 0}
  m_ScaleInLightmap: 1
  m_SortingLayerID: 0
  m_SortingOrder: 0
  m_Sprite: {fileID: 21300000, guid: 0f0787aef8a3b074288cc66041c5648e, type: 3}
  m_Color: {r: 0, g: 1, b: .0896553993, a: .501960814}
--- !u!212 &21275686
SpriteRenderer:
  m_ObjectHideFlags: 1
  m_PrefabParentObject: {fileID: 0}
  m_PrefabInternal: {fileID: 100100000}
  m_GameObject: {fileID: 175672}
  m_Enabled: 1
  m_CastShadows: 0
  m_ReceiveShadows: 0
  m_LightmapIndex: 255
  m_LightmapTilingOffset: {x: 1, y: 1, z: 0, w: 0}
  m_Materials:
  - {fileID: 10754, guid: 0000000000000000e000000000000000, type: 0}
  m_SubsetIndices: 
  m_StaticBatchRoot: {fileID: 0}
  m_UseLightProbes: 0
  m_LightProbeAnchor: {fileID: 0}
  m_ScaleInLightmap: 1
  m_SortingLayerID: 0
  m_SortingOrder: 0
  m_Sprite: {fileID: 21300000, guid: 8ab62f5f018b64e40b807cdbc9f745d7, type: 3}
  m_Color: {r: 1, g: 1, b: 1, a: 1}
--- !u!212 &21275688
SpriteRenderer:
  m_ObjectHideFlags: 1
  m_PrefabParentObject: {fileID: 0}
  m_PrefabInternal: {fileID: 100100000}
  m_GameObject: {fileID: 175678}
  m_Enabled: 1
  m_CastShadows: 0
  m_ReceiveShadows: 0
  m_LightmapIndex: 255
  m_LightmapTilingOffset: {x: 1, y: 1, z: 0, w: 0}
  m_Materials:
  - {fileID: 10754, guid: 0000000000000000e000000000000000, type: 0}
  m_SubsetIndices: 
  m_StaticBatchRoot: {fileID: 0}
  m_UseLightProbes: 0
  m_LightProbeAnchor: {fileID: 0}
  m_ScaleInLightmap: 1
  m_SortingLayerID: 0
  m_SortingOrder: 0
  m_Sprite: {fileID: 21300000, guid: 0f0787aef8a3b074288cc66041c5648e, type: 3}
  m_Color: {r: 0, g: 1, b: .0896553993, a: .501960814}
--- !u!212 &21275690
SpriteRenderer:
  m_ObjectHideFlags: 1
  m_PrefabParentObject: {fileID: 0}
  m_PrefabInternal: {fileID: 100100000}
  m_GameObject: {fileID: 175680}
  m_Enabled: 1
  m_CastShadows: 0
  m_ReceiveShadows: 0
  m_LightmapIndex: 255
  m_LightmapTilingOffset: {x: 1, y: 1, z: 0, w: 0}
  m_Materials:
  - {fileID: 10754, guid: 0000000000000000e000000000000000, type: 0}
  m_SubsetIndices: 
  m_StaticBatchRoot: {fileID: 0}
  m_UseLightProbes: 0
  m_LightProbeAnchor: {fileID: 0}
  m_ScaleInLightmap: 1
  m_SortingLayerID: 0
  m_SortingOrder: 0
  m_Sprite: {fileID: 21300000, guid: 4f34412698a296c47a0be1c8e5b7b67b, type: 3}
  m_Color: {r: 1, g: 1, b: 1, a: 1}
--- !u!1001 &100100000
Prefab:
  m_ObjectHideFlags: 1
  serializedVersion: 2
  m_Modification:
    m_TransformParent: {fileID: 0}
    m_Modifications: []
    m_RemovedComponents: []
  m_ParentPrefab: {fileID: 0}
  m_RootGameObject: {fileID: 175636}
  m_IsPrefabParent: 1
  m_IsExploded: 1
